@article{triangles,
  title={Dynamic Collision Detection using Oriented Bounding Boxes},
  author={David Eberly},
  journal={Journal of Geometric Tools},
  volume={4},
  number={1},
  pages={23--24},
  year={1999},
  publisher={ACM Press}
}


@article{SDL2,
  title={Simple DirectMedia Layer 2.0 (SDL2)},
  author={Sam Lantinga},
  journal={Cross-platform software development library},
  year={1998},
  publisher={SDL Community}
}

@article{OpenGL,
  title={Open Graphics Library (OpenGL)},
  author={Silicon Graphics},
  journal={Cross-platform application programming interface},
  year={1992},
  publisher={Khronos Group}
}

@article{C,
  title={The C Programming Language},
  author={Dennis Ritchie},
  journal={General-purpose computer programming language},
  year={1978},
  publisher={Prentice Hall}
}


@article{ter,
  title={Real-Time Collision Detection},
  author={Christer Ericson},
  journal={Comprehensive guide to the components of efficient real-time collision detection systems},
  year={2004},
  publisher={CRC Press}
}


